{
    "leader":"00714cam a2200205 a 4500",
    "fields":
    [
        {
            "001":"12883376"
        },
        {
            "005":"20030616111422.0"
        },
        {
            "008":"020805s2002    nyu    j      000 1 eng  "
        },
        {
            "020":
                {"subfields":
                [
                    {
                        "a":"0786808772"
                    }
                ],
                "ind1":" ",
                "ind2":" "
            }
        },
        {
            "020":
                {"subfields":
                [
                    {
                        "a":"0786816155 (pbk.)"
                    }
                ],
                "ind1":" ",
                "ind2":" "
            }
        },
        {
            "040":
                {"subfields":
                [
                    {
                        "a":"DLC"
                    },
                    {
                        "c":"DLC"
                    },
                    {
                        "d":"DLC"
                    }
                ],
                "ind1":" ",
                "ind2":" "
            }
        },
        {
            "100":
                {"subfields":
                [
                    {
                        "a":"Chabon, Michael."
                    }
                ],
                "ind1":"1",
                "ind2":" "
            }
        },
        {
            "245":
                {"subfields":
                [
                    {
                        "a":"Summerland /"
                    },
                    {
                        "c":"Michael Chabon."
                    }
                ],
                "ind1":"1",
                "ind2":"0"
            }
        },
        {
            "250":
                {"subfields":
                [
                    {
                        "a":"1st ed."
                    }
                ],
                "ind1":" ",
                "ind2":" "
            }
        },
        {
            "260":
                {"subfields":
                [
                    {
                        "a":"New York :"
                    },
                    {
                        "b":"Miramax Books/Hyperion Books for Children,"
                    },
                    {
                        "c":"c2002."
                    }
                ],
                "ind1":" ",
                "ind2":" "
            }
        },
        {
            "300":
                {"subfields":
                [
                    {
                        "a":"500 p. ;"
                    },
                    {
                        "c":"22 cm."
                    }
                ],
                "ind1":" ",
                "ind2":" "
            }
        },
        {
            "520":
                {"subfields":
                [
                    {
                        "a":"Ethan Feld, the worst baseball player in the history of the game, finds himself recruited by a 100-year-old scout to help a band of fairies triumph over an ancient enemy."
                    }
                ],
                "ind1":" ",
                "ind2":" "
            }
        },
        {
            "650":
                {"subfields":
                [
                    {
                        "a":"Fantasy."
                    }
                ],
                "ind1":" ",
                "ind2":"1"
            }
        },
        {
            "650":
                {"subfields":
                [
                    {
                        "a":"Baseball"
                    },
                    {
                        "v":"Fiction."
                    }
                ],
                "ind1":" ",
                "ind2":"1"
            }
        },
        {
            "650":
                {"subfields":
                [
                    {
                        "a":"Magic"
                    },
                    {
                        "v":"Fiction."
                    }
                ],
                "ind1":" ",
                "ind2":"1"
            }
        }
    ]
}
